<record><leader>00000cas a22000007a 4500</leader><controlfield tag="001">21438748</controlfield><controlfield tag="008">900427d19241985mouwr ne      0    0eng d</controlfield><datafield ind1=" " ind2=" " tag="010"><subfield code="a">sn 90061684 </subfield></datafield><datafield ind1=" " ind2=" " tag="040"><subfield code="a">MQN</subfield><subfield code="b">eng</subfield><subfield code="c">MQN</subfield><subfield code="d">OCLCQ</subfield></datafield><datafield ind1=" " ind2=" " tag="042"><subfield code="a">msc</subfield></datafield><datafield ind1="0" ind2="4" tag="245"><subfield code="a">The St. Clair chronicle.</subfield></datafield><datafield ind1="3" ind2="0" tag="246"><subfield code="a">Saint Clair chronicle</subfield></datafield><datafield ind1=" " ind2=" " tag="260"><subfield code="a">St. Clair, Mo. :</subfield><subfield code="b">W.H. Woodhouse</subfield></datafield><datafield ind1=" " ind2=" " tag="300"><subfield code="a">v.</subfield></datafield><datafield ind1=" " ind2=" " tag="310"><subfield code="a">Weekly</subfield></datafield><datafield ind1="1" ind2=" " tag="362"><subfield code="a">Began in 1924? Ceased in 1985?</subfield></datafield><datafield ind1=" " ind2=" " tag="588"><subfield code="a">Description based on: Vol. 2, no. 29 (Mar. 17, 1927).</subfield></datafield><datafield ind1=" " ind2=" " tag="752"><subfield code="a">United States</subfield><subfield code="b">Missouri</subfield><subfield code="c">Franklin</subfield><subfield code="d">Saint Clair.</subfield></datafield><datafield ind1="0" ind2="5" tag="780"><subfield code="t">Ozark news (Saint Clair, Mo.)</subfield><subfield code="w">(DLC)sn 90061685</subfield></datafield></record>